<record><leader>00000cas a22000007a 4500</leader><controlfield tag="001">23771450</controlfield><controlfield tag="008">910518d18711872inudn ne      0    0eng d</controlfield><datafield ind1=" " ind2=" " tag="010"><subfield code="a">sn 91099330 </subfield></datafield><datafield ind1=" " ind2=" " tag="040"><subfield code="a">NPI</subfield><subfield code="b">eng</subfield><subfield code="c">NPI</subfield><subfield code="d">OCLCQ</subfield></datafield><datafield ind1=" " ind2=" " tag="042"><subfield code="a">msc</subfield></datafield><datafield ind1="0" ind2=" " tag="130"><subfield code="a">New Albany daily ledger (New Albany, Ind. : 1871)</subfield></datafield><datafield ind1="1" ind2="0" tag="245"><subfield code="a">New Albany daily ledger.</subfield></datafield><datafield ind1=" " ind2=" " tag="260"><subfield code="a">New Albany, Ind. :</subfield><subfield code="b">Ledger-Standard Pub. Co.,</subfield><subfield code="c">-1872.</subfield></datafield><datafield ind1=" " ind2=" " tag="300"><subfield code="a">1 v.</subfield></datafield><datafield ind1=" " ind2=" " tag="310"><subfield code="a">Daily (except Sun.)</subfield></datafield><datafield ind1="0" ind2=" " tag="362"><subfield code="a">-v. 23, no. 7027 (Aug. 17, 1872).</subfield></datafield><datafield ind1=" " ind2=" " tag="588"><subfield code="a">Description based on: Vol. 23, no. 6752 (Sept. 26, 1871).</subfield></datafield><datafield ind1=" " ind2=" " tag="752"><subfield code="a">United States</subfield><subfield code="b">Indiana</subfield><subfield code="c">Floyd</subfield><subfield code="d">New Albany.</subfield></datafield><datafield ind1="0" ind2="0" tag="780"><subfield code="t">New Albany ledger (New Albany, Ind. : 1871 : Daily)</subfield><subfield code="w">(DLC)sn 85048091</subfield></datafield><datafield ind1="0" ind2="7" tag="785"><subfield code="t">New Albany daily standard</subfield><subfield code="w">(OCoLC)sn 85048081</subfield></datafield><datafield ind1="0" ind2="7" tag="785"><subfield code="t">New Albany ledger-standard (New Albany, Ind. : Daily : Aug. 1872)</subfield><subfield code="w">(DLC)sn 84027552</subfield></datafield></record>